@article{adadelta,
    author      = {Matthew D. Zeiler},
    eprint      = {1212.5701},
    eprintclass = {cs.LG},
    eprinttype  = {arXiv},
    journal     = {CoRR},
    title       = {{ADADELTA: An Adaptive Learning Rate Method}},
    year        = 2012,
}

@inproceedings{adagrad,
    author    = {John C. Duchi and Elad Hazan and Yoram Singer},
    booktitle = {{COLT} 2010 - The 23rd Conference on Learning Theory, Haifa, Israel, June 27-29, 2010},
    editor    = {Adam Tauman Kalai and Mehryar Mohri},
    pages     = {257--269},
    publisher = {Omnipress},
    title     = {{Adaptive Subgradient Methods for Online Learning and Stochastic Optimization}},
    url       = {https://www.jmlr.org/papers/volume12/duchi11a/duchi11a.pdf},
    year      = 2010,
}

@inproceedings{adam,
    author      = {Diederik P. Kingma and Jimmy Ba},
    booktitle   = {3rd International Conference on Learning Representations, {ICLR}, San Diego, CA, USA, May 7-9, Conference Track Proceedings},
    eprint      = {1412.6980},
    eprintclass = {cs.LG},
    eprinttype  = {arxiv},
    title       = {{Adam: A Method for Stochastic Optimization}},
    year        = 2015,
}

@inproceedings{adamw,
    author      = {Ilya Loshchilov and Frank Hutter},
    booktitle   = {7th International Conference on Learning Representations, {ICLR}, New Orleans, LA, USA, May 6-9},
    eprint      = {1711.05101},
    eprintclass = {cs.LG},
    eprinttype  = {arxiv},
    publisher   = {OpenReview.net},
    title       = {{Decoupled Weight Decay Regularization}},
    year        = 2019,
}

@inproceedings{alexnet,
    author    = {Krizhevsky, Alex and Sutskever, Ilya and Hinton, Geoffrey E},
    booktitle = {Advances in Neural Information Processing Systems},
    doi       = {https://doi.org/10.1145/3065386},
    publisher = {Curran Associates, Inc.},
    title     = {{ImageNet Classification with Deep Convolutional Neural Networks}},
    volume    = 25,
    year      = 2012,
}

@inproceedings{amsgrad,
    author      = {Sashank J. Reddi and Satyen Kale and Sanjiv Kumar},
    booktitle   = {6th International Conference on Learning Representations, {ICLR}, Vancouver, BC, Canada, April 30 - May 3, Conference Track Proceedings},
    eprint      = {1904.09237},
    eprintclass = {cs.LG},
    eprinttype  = {arxiv},
    title       = {{On the Convergence of Adam and Beyond}},
    year        = 2018,
}

@article{augmentation,
    author  = {Shorten, Connor and Khoshgoftaar, Taghi M.},
    day     = {06},
    doi     = {10.1186/s40537-019-0197-0},
    issn    = {2196-1115},
    journal = {Journal of Big Data},
    month   = 7,
    number  = 1,
    pages   = 60,
    title   = {{A survey on Image Data Augmentation for Deep Learning}},
    volume  = 6,
    year    = 2019,
}

@article{backprop1,
    author  = {LeCun, Y. and Boser, B. and Denker, J. S. and Henderson, D. and Howard, R. E. and Hubbard, W. and Jackel, L. D.},
    doi     = {10.1162/neco.1989.1.4.541},
    journal = {Neural Computation},
    number  = 4,
    pages   = {541--551},
    title   = {{Backpropagation Applied to Handwritten Zip Code Recognition}},
    volume  = 1,
    year    = 1989,
}

@article{backprop2,
    author  = {LeCun, Y. and Bottou, L. and Bengio, Y. and Haffner, P.},
    doi     = {10.1109/5.726791},
    journal = {Proceedings of the IEEE},
    number  = 11,
    pages   = {2278--2324},
    title   = {Gradient-based learning applied to document recognition},
    volume  = 86,
    year    = 1998,
}

@article{batchnorm1,
    author      = {Sergey Ioffe and Christian Szegedy},
    eprint      = {1502.03167},
    eprintclass = {cs.LG},
    eprinttype  = {arXiv},
    journal     = {CoRR},
    title       = {{Batch Normalization: Accelerating Deep Network Training by Reducing Internal Covariate Shift}},
    year        = 2015,
}

@article{batchnorm2,
    author      = {Shibani Santurkar and Dimitris Tsipras and Andrew Ilyas and Aleksander Madry},
    eprint      = {1805.11604},
    eprintclass = {stat.ML},
    eprinttype  = {arXiv},
    title       = {{How Does Batch Normalization Help Optimization?}},
    year        = 2019,
}

@article{batchnorm3,
    author      = {Greg Yang and Jeffrey Pennington and Vinay Rao and Jascha Sohl-Dickstein and Samuel S. Schoenholz},
    eprint      = {1902.08129},
    eprintclass = {cs.NE},
    eprinttype  = {arXiv},
    title       = {{A Mean Field Theory of Batch Normalization}},
    year        = 2019,
}

@inproceedings{bfgs,
    author    = {Nawi, Nazri Mohd and Ransing, Meghana R. and Ransing, Rajesh S.},
    booktitle = {Sixth International Conference on Intelligent Systems Design and Applications},
    doi       = {10.1109/ISDA.2006.95},
    pages     = {152--157},
    title     = {{An Improved Learning Algorithm Based on The Broyden-Fletcher-Goldfarb-Shanno (BFGS) Method For Back Propagation Neural Networks}},
    volume    = 1,
    year      = 2006,
}

@techreport{cifar,
    author = {Alex Krizhevsky},
    title  = {{Learning Multiple Layers of Features from Tiny Images}},
    year   = 2009,
}

@article{coco,
    author      = {Tsung{-}Yi Lin and Michael Maire and Serge J. Belongie and Lubomir D. Bourdev and Ross B. Girshick and James Hays and Pietro Perona and Deva Ramanan and Piotr Doll{\'{a}}r and C. Lawrence Zitnick},
    eprint      = {1405.0312},
    eprintclass = {cs.CV},
    eprinttype  = {arXiv},
    journal     = {CoRR},
    title       = {{Microsoft {COCO:} Common Objects in Context}},
    year        = 2014,
}

@inproceedings{context-encoders,
    author      = {Pathak, Deepak and Krähenbühl, Philipp and Donahue, Jeff and Darrell, Trevor and Efros, Alexei A.},
    booktitle   = {IEEE Conference on Computer Vision and Pattern Recognition (CVPR)},
    eprint      = {1604.07379},
    eprintclass = {cs.CV},
    eprinttype  = {arXiv},
    pages       = {2536--2544},
    title       = {{Context Encoders: Feature Learning by Inpainting}},
    year        = 2016,
}

@inproceedings{context-inpainting,
    author      = {Yu, Jiahui and Lin, Zhe and Yang, Jimei and Shen, Xiaohui and Lu, Xin and Huang, Thomas S.},
    booktitle   = {IEEE/CVF Conference on Computer Vision and Pattern Recognition},
    eprint      = {1801.07892},
    eprintclass = {cs.CV},
    eprinttype  = {arXiv},
    pages       = {5505--5514},
    title       = {{Generative Image Inpainting with Contextual Attention}},
    year        = 2018,
}

@article{conv-guide,
    author      = {Vincent Dumoulin and Francesco Visin},
    eprint      = {1603.07285},
    eprintclass = {stat.ML},
    eprinttype  = {arXiv},
    title       = {{A guide to convolution arithmetic for deep learning}},
    year        = 2018,
}

@article{deconv,
    author      = {Evan Shelhamer and Jonathan Long and Trevor Darrell},
    eprint      = {1605.06211},
    eprintclass = {cs.CV},
    eprinttype  = {arXiv},
    journal     = {CoRR},
    title       = {{Fully Convolutional Networks for Semantic Segmentation}},
    year        = 2016,
}

@article{dropout,
    author  = {Nitish Srivastava and Geoffrey Hinton and Alex Krizhevsky and Ilya Sutskever and Ruslan Salakhutdinov},
    journal = {Journal of Machine Learning Research},
    number  = 56,
    pages   = {1929--1958},
    title   = {{Dropout: A Simple Way to Prevent Neural Networks from Overfitting}},
    url     = {http://jmlr.org/papers/v15/srivastava14a.html},
    volume  = 15,
    year    = 2014,
}

@article{dyingrelu,
    author      = {Lu Lu and Yeonjong Shin and Yanhui Su and George Em Karniadakis},
    eprint      = {1903.06733},
    eprintclass = {stat.ML},
    eprinttype  = {arXiv},
    journal     = {Communications in Computational Physics},
    month       = 6,
    number      = 5,
    pages       = {1671--1706},
    publisher   = {Global Science Press},
    title       = {Dying {ReLU} and Initialization: Theory and Numerical Examples},
    volume      = 28,
    year        = 2020,
}

@inproceedings{edgeconnect,
    author      = {Kamyar Nazeri and Eric Ng and Tony Joseph and Faisal Z. Qureshi and Mehran Ebrahimi},
    eprint      = {1901.00212},
    eprintclass = {cs.CV},
    eprinttype  = {arXiv},
    title       = {{EdgeConnect: Generative Image Inpainting with Adversarial Edge Learning}},
    year        = 2019,
}

@inproceedings{elu,
    author      = {Djork{-}Arné Clevert and Thomas Unterthiner and Sepp Hochreiter},
    booktitle   = {4th International Conference on Learning Representations, {ICLR}, San Juan, Puerto Rico, May 2-4, Conference Track Proceedings},
    eprint      = {1511.07289},
    eprintclass = {cs.LG},
    eprinttype  = {arxiv},
    title       = {{Fast and Accurate Deep Network Learning by Exponential Linear Units (ELUs)}},
    year        = 2016,
}

@article{enhanced-normalization,
    author  = {Liu, Jialu and Gong, Maoguo and Tang, Zedong and Qin, A. K. and Li, Hao and Jiang, Fenlong},
    doi     = {10.1109/TCSVT.2022.3175171},
    journal = {IEEE Transactions on Circuits and Systems for Video Technology},
    number  = 10,
    pages   = {6599--6614},
    title   = {{Deep Image Inpainting With Enhanced Normalization and Contextual Attention}},
    volume  = 32,
    year    = 2022,
}

@inproceedings{fourier-conv,
    author      = {Suvorov, Roman and Logacheva, Elizaveta and Mashikhin, Anton and Remizova, Anastasia and Ashukha, Arsenii and Silvestrov, Aleksei and Kong, Naejin and Goka, Harshith and Park, Kiwoong and Lempitsky, Victor},
    booktitle   = {IEEE/CVF Winter Conference on Applications of Computer Vision (WACV)},
    eprint      = {2109.07161},
    eprintclass = {cs.CV},
    eprinttype  = {arXiv},
    pages       = {3172--3182},
    title       = {{Resolution-robust Large Mask Inpainting with Fourier Convolutions}},
    year        = 2022,
}

@inproceedings{free-form-inpainting,
    author      = {Yu, Jiahui and Lin, Zhe and Yang, Jimei and Shen, Xiaohui and Lu, Xin and Huang, Thomas},
    booktitle   = {IEEE/CVF International Conference on Computer Vision (ICCV)},
    eprint      = {1806.03589},
    eprintclass = {cs.CV},
    eprinttype  = {arXiv},
    pages       = {4470--4479},
    title       = {{Free-Form Image Inpainting With Gated Convolution}},
    year        = 2019,
}

@inproceedings{genetic,
    author    = {Montana, David J and Davis, Lawrence and others},
    booktitle = {IJCAI},
    pages     = {762--767},
    title     = {Training feedforward neural networks using genetic algorithms},
    url       = {https://www.ijcai.org/Proceedings/89-1/Papers/122.pdf},
    volume    = 89,
    year      = 1989,
}

@inproceedings{glorot-init,
    author    = {Glorot, Xavier and Bengio, Yoshua},
    booktitle = {Proceedings of the Thirteenth International Conference on Artificial Intelligence and Statistics},
    month     = 5,
    pages     = {249--256},
    series    = {Proceedings of Machine Learning Research},
    title     = {{Understanding the difficulty of training deep feedforward neural networks}},
    url       = {https://proceedings.mlr.press/v9/glorot10a.html},
    volume    = 9,
    year      = 2010,
}

@article{he-init,
    author      = {Kaiming He and Xiangyu Zhang and Shaoqing Ren and Jian Sun},
    eprint      = {1502.01852},
    eprintclass = {cs.CV},
    eprinttype  = {arXiv},
    title       = {{Delving Deep into Rectifiers: Surpassing Human-Level Performance on ImageNet Classification}},
    year        = 2015,
}

@inproceedings{leakyrelu,
    author    = {Maas, Andrew L and Hannun, Awni Y and Ng, Andrew},
    booktitle = {International Conference on Machine Learning},
    title     = {{Rectifier nonlinearities improve neural network acoustic models}},
    url       = {https://ai.stanford.edu/~amaas/papers/relu_hybrid_icml2013_final.pdf},
}

@article{lion,
    author      = {Xiangning Chen and Chen Liang and Da Huang and Esteban Real and Kaiyuan Wang and Yao Liu and Hieu Pham and Xuanyi Dong and Thang Luong and Cho-Jui Hsieh and Yifeng Lu and Quoc V. Le},
    eprint      = {2302.06675},
    eprintclass = {cs.LG},
    eprinttype  = {arXiv},
    title       = {{Symbolic Discovery of Optimization Algorithms}},
    year        = 2023,
}

@article{local-and-global,
    author  = {Quan, Weize and Zhang, Ruisong and Zhang, Yong and Li, Zhifeng and Wang, Jue and Yan, Dong-Ming},
    doi     = {10.1109/TIP.2022.3152624},
    journal = {IEEE Transactions on Image Processing},
    pages   = {2405--2420},
    title   = {{Image Inpainting With Local and Global Refinement}},
    volume  = 31,
    year    = 2022,
}

@inproceedings{lpips,
    author      = {Zhang, Richard and Isola, Phillip and Efros, Alexei A. and Shechtman, Eli and Wang, Oliver},
    booktitle   = {Computer Vision and Pattern Recognition Conference (CVPR)},
    eprint      = {1801.03924},
    eprintclass = {cs.CV},
    eprinttype  = {arxiv},
    title       = {{The Unreasonable Effectiveness of Deep Features as a Perceptual Metric}},
    year        = 2018,
}

@book{matlab,
    author         = {Rafael Gonzalez and Richard Woods and Stevens Eddins},
    bookpagination = {page},
    edition        = 3,
    isbn           = {978-098-208-541-7},
    language       = {english},
    pages          = {16--17},
    publisher      = {Gatesmark Publishing},
    title          = {Digital Image Processing Using MATLAB},
    year           = 2020,
}

@article{nadam,
    author = {Dozat, Timothy},
    title  = {{Incorporating Nesterov Momentum into Adam}},
    url    = {https://cs229.stanford.edu/proj2015/054_report.pdf},
    year   = 2016,
}

@inproceedings{navier-stokes,
    author    = {Bertalmio, M. and Bertozzi, A.L. and Sapiro, G.},
    booktitle = {Proceedings of the IEEE Computer Society Conference on Computer Vision and Pattern Recognition},
    doi       = {10.1109/CVPR.2001.990497},
    title     = {{Navier-stokes, fluid dynamics, and image and video inpainting}},
    volume    = 1,
    year      = 2001,
}

@misc{neuron,
    title = {{Brain Basics: The Life and Death of a Neuron}},
    url   = {https://www.ninds.nih.gov/health-information/public-education/brain-basics/brain-basics-life-and-death-neuron},
}

@misc{partial-conv,
    author      = {Guilin Liu and Fitsum A. Reda and Kevin J. Shih and Ting-Chun Wang and Andrew Tao and Bryan Catanzaro},
    eprint      = {1804.07723},
    eprintclass = {cs.CV},
    eprinttype  = {arXiv},
    title       = {{Image Inpainting for Irregular Holes Using Partial Convolutions}},
    year        = 2018,
}

@article{patchmatch,
    author  = {Connelly Barnes and Eli Shechtman and Adam Finkelstein and Dan B Goldman},
    journal = {ACM Transactions on Graphics (Proc. SIGGRAPH)},
    month   = 8,
    number  = 3,
    title   = {{PatchMatch: A Randomized Correspondence Algorithm for Structural Image Editing}},
    url     = {https://gfx.cs.princeton.edu/pubs/Barnes_2009_PAR},
    volume  = 28,
    year    = 2009,
}

@article{relu,
    author  = {Fukushima, Kunihiko},
    day     = {01},
    doi     = {10.1007/BF00342633},
    issn    = {1432-0770},
    journal = {Biological Cybernetics},
    month   = 9,
    number  = 3,
    pages   = {121--136},
    title   = {{Cognitron: A self-organizing multilayered neural network}},
    volume  = 20,
    year    = 1975,
}

@inproceedings{residuals1,
    author      = {Kaiming He and Xiangyu Zhang and Shaoqing Ren and Jian Sun},
    booktitle   = {IEEE Conference on Computer Vision and Pattern Recognition (CVPR)},
    eprint      = {1512.03385},
    eprintclass = {cs.CV},
    eprinttype  = {arXiv},
    pages       = {770--778},
    title       = {{Deep Residual Learning for Image Recognition}},
    year        = 2016,
}

@inproceedings{residuals2,
    author    = {Tai, Ying and Yang, Jian and Liu, Xiaoming},
    booktitle = {IEEE Conference on Computer Vision and Pattern Recognition (CVPR)},
    doi       = {10.1109/CVPR.2017.298},
    pages     = {2790--2798},
    title     = {{Image Super-Resolution via Deep Recursive Residual Network}},
    year      = 2017,
}

@misc{rmsprop,
    author = {Geoffrey Hinton and Nitish Srivastava and Kevin Swersky},
    title  = {{Course: Neural Networks for Machine Learning - Lecture 6}},
    url    = {https://www.cs.toronto.edu/~tijmen/csc321/slides/lecture_slides_lec6.pdf},
    year   = 2014,
}

@article{selu,
    author      = {Günter Klambauer and Thomas Unterthiner and Andreas Mayr and Sepp Hochreiter},
    eprint      = {1706.02515},
    eprintclass = {cs.LG},
    eprinttype  = {arXiv},
    journal     = {CoRR},
    title       = {{Self-Normalizing Neural Networks}},
    year        = 2017,
}

@inproceedings{semanting-inpainting,
    author      = {Yeh, Raymond A. and Chen, Chen and Lim, Teck Yian and Schwing, Alexander G. and Hasegawa-Johnson, Mark and Do, Minh N.},
    booktitle   = {IEEE Conference on Computer Vision and Pattern Recognition (CVPR)},
    eprint      = {1607.07539},
    eprintclass = {cs.CV},
    eprinttype  = {arXiv},
    pages       = {6882--6890},
    title       = {{Semantic Image Inpainting with Deep Generative Models}},
    year        = 2017,
}

@article{ssim,
    author  = {Zhou Wang and Bovik, A.C. and Sheikh, H.R. and Simoncelli, E.P.},
    doi     = {10.1109/TIP.2003.819861},
    journal = {IEEE Transactions on Image Processing},
    number  = 4,
    pages   = {600--612},
    title   = {{Image quality assessment: from error visibility to structural similarity}},
    volume  = 13,
    year    = 2004,
}

@article{ssim-mae,
    author      = {Zhao, Hang and Gallo, Orazio and Frosio, Iuri and Kautz, Jan},
    eprint      = {1511.08861},
    eprintclass = {cs.CV},
    eprinttype  = {arXiv},
    journal     = {IEEE Transactions on Computational Imaging},
    number      = 1,
    pages       = {47--57},
    title       = {{Loss Functions for Image Restoration with Neural Networks}},
    volume      = 3,
    year        = 2017,
}

@inproceedings{ssim-use2,
    author    = {Li, Boyi and Peng, Xiulian and Wang, Zhangyang and Xu, Jizheng and Feng, Dan},
    booktitle = {IEEE International Conference on Computer Vision (ICCV)},
    doi       = {10.1109/ICCV.2017.511},
    pages     = {4780--4788},
    title     = {{AOD-Net: All-in-One Dehazing Network}},
    year      = 2017,
}

@inproceedings{ssim-use3,
    author      = {Ledig, Christian and Theis, Lucas and Huszár, Ferenc and Caballero, Jose and Cunningham, Andrew and Acosta, Alejandro and Aitken, Andrew and Tejani, Alykhan and Totz, Johannes and Wang, Zehan and Shi, Wenzhe},
    booktitle   = {IEEE Conference on Computer Vision and Pattern Recognition (CVPR)},
    eprint      = {1609.04802},
    eprintclass = {cs.CV},
    eprinttype  = {arXiv},
    pages       = {105--114},
    title       = {{Photo-Realistic Single Image Super-Resolution Using a Generative Adversarial Network}},
    year        = 2017,
}

@article{ssim2,
    author      = {Nilsson, Jim and Akenine-Möller, Tomas},
    eprint      = {2006.13846},
    eprintclass = {eess.IV},
    eprinttype  = {arxiv},
    title       = {{Understanding SSIM}},
    year        = 2020,
}

@article{telea,
    author    = {Alexandru Telea},
    doi       = {10.1080/10867651.2004.10487596},
    journal   = {Journal of Graphics Tools},
    number    = 1,
    pages     = {23--34},
    publisher = {Taylor & Francis},
    title     = {{An Image Inpainting Technique Based on the Fast Marching Method}},
    volume    = 9,
    year      = 2004,
}

@misc{tikz-nn,
    author = {Neutelings, Izaak},
    month  = 5,
    title  = {{Neural networks}},
    url    = {https://tikz.net/neural_networks/},
    year   = 2022,
}

@inproceedings{unet,
    author      = {Ronneberger, Olaf and Fischer, Philipp and Brox, Thomas},
    booktitle   = {Medical Image Computing and Computer-Assisted Intervention -- MICCAI},
    eprint      = {1505.04597},
    eprintclass = {cs.CV},
    eprinttype  = {arXiv},
    isbn        = {978-3-319-24574-4},
    pages       = {234--241},
    publisher   = {Springer International Publishing},
    title       = {{U-Net: Convolutional Networks for Biomedical Image Segmentation}},
    year        = 2015,
}

@book{vertan,
    author         = {Constatin Vertan and Mihai Ciuc},
    bookpagination = {page},
    isbn           = {978-973-755-207-5},
    language       = {romanian},
    location       = {Bucharest, Romania},
    pages          = {8--9},
    publisher      = {{Matrix Rom}},
    title          = {{Tehnici fundamentale de prelucrarea și analiza imaginilor}},
    year           = 2007,
}

@inproceedings{vgg,
    author      = {Karen Simonyan and Andrew Zisserman},
    booktitle   = {3rd International Conference on Learning Representations, {ICLR}, San Diego, CA, USA, May 7-9, Conference Track Proceedings},
    eprint      = {1409.1556},
    eprintclass = {cs.CV},
    eprinttype  = {arxiv},
    title       = {{Very Deep Convolutional Networks for Large-Scale Image Recognition}},
    year        = 2015,
}
